%
% Bibliography / Literaturverzeichnis
% 
% literatur.bib
%
% Install Biber:
%   $ sudo apt install biber
%
% Run in console:
%   $ pdflatex primzahlen.tex
%   $ biber primzahlen.bcf
%   $ pdflatex primzahlen.tex
%   $ pdflatex primzahlen.tex
%
@article{alhazen,
  author  = {Eslam.de}, 
  title   = {Abu Ali al-Hasan Ibn al-Haitham},
  journal = {Enzyklopädie des Islam},
  note    = {Online: http://www.eslam.de/begriffe/a/ai/alhazen.htm. Abgerufen am 2021},
  year    = {},
  number  = {},
  pages   = {},
  month   = {},
  volume  = {}
}
@article{derstandard,
  author  = {Der Standard}, 
  title   = {Neue größte Primzahl hat 25 Millionen Stellen},
  journal = {Der Standard - Wissenschaft - Welt},
  note    = {Online: https://www.derstandard.at/story/20\\00094950656/neue-groesste-primzahl-hat-25-millionen-stellen. Abgerufen im Jänner 2021},
  year    = {2018},
  number  = {},
  pages   = {},
  month   = {12},
  day     = {28},
  volume  = {}
}
@article{foco,
  author  = {Gabriel Foco}, 
  title   = {Die Primzahlformel},
  journal = {Wien, Australien},
  note    = {Online: http://www.digiverlag.at/Primzahlen54b.pdf. Abgerufen am 2021},
  year    = {2009},
  number  = {},
  pages   = {},
  month   = {},
  volume  = {}
}
@book{forster,
  title={``Algorithmische Zahlentheorie"},
  author={Otto Forster},
  year={2015},
  isbn={978-3-658-06539-3},
  series={},
  publisher={Springer Spektrum},
  keywords = {maths},
  DOI = {10.1007/978-3-658-06540-9}
}
@book{karpfingerkiechle,
  title={``Kryptologie, Algebraische Methoden und Algorithmen"},
  author={Christian Karpfinger and Hubert Kiechle},
  year={2010},
  isbn={978-3-8348-0884-4},
  series={},
  publisher={Vieweg + Teubner},
  keywords = {maths},
  DOI = {10.1007/978-3-8348-9356-7}
}
@article{markwig,
  author  = {Thomas Markwig}, 
  title   = {Elementare Zahlentheorie},
  journal = {Vorlesungsskript. TU Kaiserslautern},
  year    = {2008},
  number  = {},
  pages   = {},
  month   = {4},
  note    = {Online: https://studylibde.com/doc/6581953/elementare-zahlentheorie. Abgerufen am 2021},
  volume  = {}
}
@article{oconnor_alhazen,
  author  = {O'Connor and Robertson},
  title   = {Abu Ali al-Hasan ibn al-Haytham},
  journal = {Mac Tutor},
  year    = {1999},
  number  = {},
  pages   = {},
  month   = {},
  note    = {Online: https://mathshistory.st-andrews.ac.uk/Biographies/Al-Haytham/. Abgerufen am 2021},
  volume  = {}
}
@article{oconnor_wilson,
  author  = {O'Connor and Robertson},
  title   = {Abu Ali al-Hasan ibn al-Haytham},
  journal = {Mac Tutor},
  year    = {2005},
  number  = {},
  pages   = {},
  month   = {},
  note    = {Online: https://mathshistory.st-andrews.ac.uk/Biographies/Wilson\_John/. Abgerufen am 2021},
  volume  = {}
}
@article{primzahltest,
  author  = {Primzahle.net},
  title   = {Primzahltests},
  journal = {Primzahlen.net},
  year    = {},
  number  = {},
  pages   = {},
  month   = {},
  note    = {Online: https://primzahlen.net/prim\\zahltests/. Abgerufen am 2021},
  volume  = {}
}
@article{rashed,
  author  = {Roshdi Rashed},
  title   = {Ibn Al‐Haytham},
  journal = {},
  year    = {},
  number  = {},
  pages   = {},
  month   = {},
  note    = {Abgerufen am 2021},
  volume  = {}
}
@article{restklassen,
  author  = {},
  title   = {Rechnen mit Restklassen},
  journal = {Grundlagen der elementaren Zahlentheorie},
  year    = {},
  number  = {},
  pages   = {},
  month   = {},
  note    = {Moodle: https://wuecampus2.uni-wuerzburg.de/moodle. Abgerufen am 2021},
  volume  = {}
}
@article{sasgabor,
  author  = {Gábor SAS}, 
  title   = {Primzahltests},
  journal = {https://dmg.tuwien.ac.at/drmota/Sas\_primetests\_endver\\sion.pdf (2002-2008)},
  year    = {},
  number  = {},
  pages   = {},
  month   = {},
  note    = {Abgerufen am 2021. Mirror: https://docplayer.org/18085267-Primzahltests-g-abor-sas-2002-2008.html}, 
  volume  = {}
}
@book{schichlsteinbauer,
  title={``Einf{\"u}hrung in das mathematische Arbeiten"},
  author={Hermann Schichl and Roland Steinbauer},
  year={2012},
  isbn={978-3-642-28646-9},
  series={},
  publisher={Springer-Verlag Berlin Heidelberg},
  keywords = {maths},
  DOI = {10.1007/978-3-642-28646-9}
}
@article{schuerz,
  author  = {Johannes Philipp Schürz}, 
  title   = {Der Primzahlsatz},
  journal = {Seminararbeit. TU Wien},
  year    = {02.03.2016},
  number  = {},
  pages   = {},
  month   = {},
  note    = {Online: http://aurora.asc.tuwien.ac.at/\~funkana/downloads\_general/sem_\schuerz.pdf. Abgerufen am 2021},
  volume  = {}
}
@book{schulze,
  title={``Elementare Algebra und Zahlentheorie"},
  author={Rainer Schulze-Pillot-Ziemen},
  year={2007},
  isbn={978-3-540-45380-2},
  series={},
  publisher={Springer-Verlag Berlin Heidelberg},
  keywords = {maths},
  DOI = {10.1007/978-3-540-45380-2},
  volume = {1}
}
@book{ziegenbalg,
  title={``Elementare Zahlentheorie"},
  author={Jochen Ziegenbalg},
  year={2015},
  isbn={978-3-658-07170-7},
  series={},
  publisher={Springer Spektrum},
  keywords = {maths},
  DOI = {0.1007/978-3-658-07171-4}
}
